@book{MazzoldiPaolo1936-201520082Eo/,
publisher = {EdiSES},
booktitle = {[2]: Elettromagnetismo onde},
isbn = {9788879594783},
year = {2008},
title = {[2]: Elettromagnetismo onde / P. Mazzoldi, M. Nigro, C. Voci},
edition = {2. ed.},
language = {ita},
address = {Napoli},
author = {Mazzoldi, Paolo 1936-2015},
lccn = {9788879594783},
}

