@book{mazzoldi98,
   title =     {Fisica Vol. II Elettromagnetismo Onde},
   author =    {P. Mazzoldi, M. Nigro, C. Voci},
   year =      {1998},
   edition =   {2nd},
}

@book{lipson20,
   title =     {Optics Experiments and Demonstrations for Student Laboratories: Principles, methods and applications},
   author =    {Stephen G. Lipson},
   publisher = {IOP Publishing},
   isbn =      {0750322985,9780750322980},
   year =      {2020},
   series =    {IOP Series in Emerging Technologies in Optics and Photonics},
}

@book{taylor99,
   title =     {Introduzione all'Analisi degli Errori},
   author =    {J.R.Taylor},
   publisher = {Zanichelli},
   isbn =      {2742772812; 9782742772810},
}

@misc{main,
  title = {Arduino Voltage Reference},
  howpublished = {\url{https://www.best-microcontroller-projects.com/arduino-voltage-reference.html#Calibrating_the_Arduino_Voltage_Reference}},
  author = {John Main}
}

@misc{atmega,
  title = {ATmega328P Datasheet},
  howpublished = {\url{"https://ww1.microchip.com/downloads/en/DeviceDoc/Atmel-7810-Automotive-Microcontrollers-ATmega328P_Datasheet.pdf}}
}
